%% This BibTeX bibliography file was created using BibDesk.
%% http://bibdesk.sourceforge.net/

%% Created for Elizabeth Wolkovich at 2020-09-01 19:52:14 -0700 


%% Saved with string encoding Unicode (UTF-8) 



@article{millar1972,
	Author = {Millar, A. A.},
	Date-Modified = {2020-09-01 19:52:13 -0700},
	Issn = {0002-9254},
	Journal = {American Journal of Enology and Viticulture},
	Number = {4},
	Pages = {173-176},
	Title = {Thermal regime of grapevines},
	Type = {Journal Article},
	Url = {<Go to ISI>://BCI:BCI197356025961},
	Volume = {23},
	Year = {1972},
	Bdsk-Url-1 = {%3CGo%20to%20ISI%3E://BCI:BCI197356025961}}

@article{cellier1993,
	Author = {Cellier, P. and Ruget, F. and Chartier, M. and Bonhomme, R.},
	Doi = {10.1016/0168-1923(93)90021-9},
	Issn = {0168-1923},
	Journal = {Agricultural and Forest Meteorology},
	Number = {1-2},
	Pages = {35-54},
	Title = {ESTIMATING THE TEMPERATURE OF A MAIZE APEX DURING EARLY GROWTH-STAGES},
	Type = {Journal Article},
	Url = {<Go to ISI>://WOS:A1993KM91500003},
	Volume = {63},
	Year = {1993},
	Bdsk-Url-1 = {%3CGo%20to%20ISI%3E://WOS:A1993KM91500003},
	Bdsk-Url-2 = {https://doi.org/10.1016/0168-1923(93)90021-9}}

@article{sharma1999,
	Author = {Sharma, P. K. and Tiwari, G. N. and Sorayan, V. P. S.},
	Doi = {10.1016/s0196-8904(98)00100-9},
	Issn = {0196-8904},
	Journal = {Energy Conversion and Management},
	Number = {3},
	Pages = {335-348},
	Title = {Temperature distribution in different zones of the microclimate of a greenhouse: a dynamic model},
	Type = {Journal Article},
	Url = {<Go to ISI>://WOS:000077241700010},
	Volume = {40},
	Year = {1999},
	Bdsk-Url-1 = {%3CGo%20to%20ISI%3E://WOS:000077241700010},
	Bdsk-Url-2 = {https://doi.org/10.1016/s0196-8904(98)00100-9}}

@article{cola2009,
	Author = {Cola, Gabriele and Failla, Osvaldo and Mariani, Luigi},
	Doi = {10.1016/j.agrformet.2009.01.007},
	Issn = {0168-1923},
	Journal = {Agricultural and Forest Meteorology},
	Number = {8},
	Pages = {1215-1228},
	Title = {BerryTone-A simulation model for the daily course of grape berry temperature},
	Type = {Journal Article},
	Url = {<Go to ISI>://WOS:000267090900001},
	Volume = {149},
	Year = {2009},
	Bdsk-Url-1 = {%3CGo%20to%20ISI%3E://WOS:000267090900001},
	Bdsk-Url-2 = {https://doi.org/10.1016/j.agrformet.2009.01.007}}

@article{costa2019,
	Author = {Costa, J. M. and Egipto, R. and Sanchez-Virosta, A. and Lopes, C. M. and Chaves, M. M.},
	Doi = {10.1016/j.agwat.2018.06.001},
	Issn = {0378-3774},
	Journal = {Agricultural Water Management},
	Pages = {484-496},
	Title = {Canopy and soil thermal patterns to support water and heat stress management in vineyards},
	Type = {Journal Article},
	Url = {<Go to ISI>://WOS:000461262400044},
	Volume = {216},
	Year = {2019},
	Bdsk-Url-1 = {%3CGo%20to%20ISI%3E://WOS:000461262400044},
	Bdsk-Url-2 = {https://doi.org/10.1016/j.agwat.2018.06.001}}

@article{pena2020,
	Author = {Pena Quinones, Andres Javier and Hoogenboom, Gerrit and Salazar Gutierrez, Melba Ruth and Stockle, Claudio and Keller, Markus},
	Doi = {10.1371/journal.pone.0234436},
	Issn = {1932-6203},
	Journal = {Plos One},
	Number = {6},
	Title = {Comparison of air temperature measured in a vineyard canopy and at a standard weather station},
	Type = {Journal Article},
	Url = {<Go to ISI>://WOS:000542036800008},
	Volume = {15},
	Year = {2020},
	Bdsk-Url-1 = {%3CGo%20to%20ISI%3E://WOS:000542036800008},
	Bdsk-Url-2 = {https://doi.org/10.1371/journal.pone.0234436}}

@article{poirier2020,
	Author = {Poirier-Pocovi, Magalie and Bailey, Brian N.},
	Doi = {10.1016/j.scienta.2019.108825},
	Issn = {0304-4238},
	Journal = {Scientia Horticulturae},
	Title = {Sensitivity analysis of four crop water stress indices to ambient environmental conditions and stomatal conductance},
	Type = {Journal Article},
	Url = {<Go to ISI>://WOS:000490046400020},
	Volume = {259},
	Year = {2020},
	Bdsk-Url-1 = {%3CGo%20to%20ISI%3E://WOS:000490046400020},
	Bdsk-Url-2 = {https://doi.org/10.1016/j.scienta.2019.108825}}
